<?xml version="1.0" encoding="UTF-8"?><record xmlns="http://www.loc.gov/MARC21/slim" xmlns:cinclude="http://apache.org/cocoon/include/1.0" xmlns:zs="http://www.loc.gov/zing/srw/">
  <leader>00380cz  a2200121n  4500</leader>
  <controlfield tag="001">n  88254061 </controlfield>
  <controlfield tag="003">DLC</controlfield>
  <controlfield tag="005">19890517061958.6</controlfield>
  <controlfield tag="008">890410n| acannaab|          |n aaa |||  </controlfield>
  <datafield tag="010" ind1=" " ind2=" ">
    <subfield code="a">n  88254061 </subfield>
  </datafield>
  <datafield tag="040" ind1=" " ind2=" ">
    <subfield code="a">DLC</subfield>
    <subfield code="c">DLC</subfield>
  </datafield>
  <datafield tag="100" ind1="1" ind2="0">
    <subfield code="a">Buckley, John W.</subfield>
  </datafield>
  <datafield tag="670" ind1=" " ind2=" ">
    <subfield code="a">His Manque, c1988:</subfield>
    <subfield code="b">t.p. (John W. Buckley) pref. (died of cardiac arrest while on trip to Toronto [not able to determine date])</subfield>
  </datafield>
</record>